2620 4938
51 317 53 331 .
156 341 170 364 „
210 235 320 314 are
371 223 376 236 ’
467 215 1117 314 'ouvurrsfflsromom

241 424 379 490 lioauuo.
417 422 475 488 'Ex
488 371 653 488 Ammiani
671 442 737 487 uno
759 433 792 487 et
807 423 940 516 triginta
952 418 1045 486 libria
1063 419 1188 508 priores

243 548 309 592 non
335 516 457 592 extant.
499 523 623 590 Zosimi
651 525 781 590 ultimus
803 523 886 590 liber
908 536 958 590 aot
980 526 1124 608 integer,
1155 522 1292 611 pleraque

241 629 377 717 reliquia
399 650 460 719 aar
481 627 714 726 desiderantum.
756 625 867 692 Taoao
886 626 971 692 alioa
990 647 1089 713 propo
1107 628 1267 690 innumera

101 761 105 774 =
162 725 164 731 ⁸
243 735 299 818 qui
315 734 374 796 toti
394 731 512 796 iniuria
530 727 709 818 temporum
726 733 899 818 perierunt·
927 727 1049 822 ,Quidi
1076 729 1162 814 ΨΜ
1180 730 1216 802 ln
1233 732 1281 806 iifl,

241 836 285 898 ad
300 854 362 899 noa
378 844 612 921 pervenerunt,
638 831 732 898 libris
750 837 796 898 ita
813 832 915 898 multa
931 842 1081 918 oorrupta
1100 841 1195 908 aunt,
1221 843 1252 894 ut

242 933 284 1000 ul)
306 937 366 1015 iia,
384 938 455 1024 'qui
475 934 606 1022 legunt,
636 933 688 1000 vol
711 956 777 1001 uon
798 949 901 1016 reote‚·
933 932 986 999 vel
1006 931 1096 998 nullo
1120 930 1254 1016 intelligi

239 1035 390 1124 poeainti
424 1035 551 1115 Quibus
573 1035 722 1103 omnibus
739 1036 834 1104 mulia
849 1036 898 1102 illi
915 1036 1036 1102 mederi
1054 1032 1276 1130 aliquantulum

241 1141 361 1205 iudicio
388 1142 555 1218 videntur,
594 1143 649 1228 qui
676 1161 749 1206 eum
774 1140 1009 1227 pulcherrimae
1036 1153 1184 1203 vatorum
1211 1134 1304 1223 raliqm'

141 1273 144 1282 =
241 1241 407 1327 dignitatis
430 1241 686 1327 atquo'lronorio
712 1253 880 1330 expertae,
918 1241 1151 1308 diversissimis
1177 1241 1212 1302 in
1234 1235 1305 1308 und

241 1339 361 1408 diutius
381 1346 524 1408 iacenter
542 1346 576 1410 iu
598 1366 699 1408 unum
717 1346 885 1434 redigunt3
910 1356 978 1409 tum
996 1363 1075 1407 varo
1094 1340 1190 1406 loooa
1211 1355 1305 1430 corrup

240 1447 431 1530 corrigunt,¹
450 1443 607 1512 obscuros
629 1445 810 1532 illnunant,
840 1457 872 1511 at
890 1443 1040 1512 diffieileo
1060 1447 1107 1514 ita
1126 1443 1306 1530 diligentur

239 1539 383 1634 ponuiit,
426 1559 462 1611 ut
486 1551 666 1614 maximum
693 1537 742 1614 air
775 1547 901 1634 lumen
915 1549 1054 1614 afferant
1083 1559 1117 1612 o‘t
1142 1559 1306 1612 ornamur

239 1647 436 1716 Huiusmodi
450 1662 556 1716 autem
572 1649 704 1717 labores
726 1651 755 1718 ui
775 1653 848 1739 qnia
867 1649 957 1715 velut
970 1649 1079 1727 leves,
1106 1648 1164 1715 vel
1183 1663 1218 1713 ut
1234 1651 1306 1736 putu

154 1793 160 1798 -
224 1749 293 1814 'vel
315 1763 400 1816 certe
422 1763 458 1816 ut
481 1773 546 1818 non
566 1752 739 1818 admodum
762 1755 968 1818 uooeoaurioa
990 1751 1097 1818 elevat
1119 1764 1218 1838 atquo
1235 1754 1307 1816 darn

240 1873 314 1917 eum
343 1843 471 1939 quidem
498 1855 614 1939 mqrito
644 1875 819 1941 possumus
848 1867 885 1920 nt
912 1865 1074 1918 amentem
1100 1851 1242 1940 aliquem
1265 1869 1307 1944 atq

239 1955 379 2040 dumque
398 1966 619 2035 contemnere,
646 1977 720 2020 oum
741 1979 777 2022 re
795 1957 934 2022 Latinae
952 1955 1088 2042 linguae
1106 1957 1308 2042 dignitatemr

240 2055 395 2141 diligere,
422 2058 590 2122 ueritatem
605 2046 737 2144 iugera,
764 2057 869 2125 lucem
888 2059 1017 2137 odirre,
1049 2056 1186 2124 arobno
1203 2059 1308 2146 praedo

163 2186 168 2196 ‘
241 2157 436 2235 abhorrere,
479 2162 598 2240 veterio
630 2163 805 2248 memoriae
838 2161 1102 2248 depravationem
1132 2161 1288 2250 amplecti,

30 2251 36 2261 ’
140 2277 147 2287 ·
240 2258 392 2324 tenebras
412 2258 563 2324 ademare
584 2263 743 2328 ostendat.
775 2261 859 2328 Mihi
872 2283 952 2328 vero
967 2261 1029 2327 hoo
1045 2265 1091 2328 itu
1105 2263 1309 2352 studiumplna

240 2372 293 2441 ut,
328 2363 457 2426 tametsi
482 2363 562 2426 satia
590 2363 623 2428 id
642 2377 810 2450 praestare
831 2365 884 2430 val
910 2361 1120 2452 iugenio‘vel
1145 2368 1309 2434 doctrinan

116 2522 120 2536 ,
190 2510 193 2520 .
239 2484 397 2550 possum,
425 2465 460 2528 in
483 2484 523 2528 eo
545 2466 575 2530 ui
594 2487 661 2531 non
680 2469 822 2556 ingenii,
854 2479 887 2532 at
906 2467 1022 2534 saltem
1042 2466 1189 2548 laboris,
1219 2474 1246 2535 ai
1270 2473 1310 2525 n'n

240 2567 425 2648 doetrinaer
465 2577 499 2630 at
532 2581 617 2632 oerta
653 2568 856 2656 diligentiae¹
873 2570 1013 2657 aliquam
1047 2568 1180 2637 laudem
1215 2593 1278 2660 qna
1308 2612 1310 2625 ›

107 2691 124 2743 's
241 2663 461 2744 Quamobrem
486 2667 566 2734 mihi
585 2671 759 2738 oonsiliu'm
778 2673 911 2752 accidit,
936 2693 1001 2737 non
1018 2675 1114 2737 modo
1134 2672 1254 2762 aliquot
1275 2679 1305 2731 ιί

239 2759 391 2846 ricorum,
414 2781 447 2832 et
462 2774 632 2859 praecipua
648 2773 793 2855 Catonis,
816 2774 1032 2861 Quadrigarii,
1051 2773 1224 2858 Sisennae,
1241 2777 1303 2844 sd.

184 2888 189 2906 ²
242 2882 274 2935 et
291 2867 453 2938 Varronis
460 2915 472 2951 ,
505 2875 541 2937 iu
564 2872 626 2940 hoo
648 2877 687 2940 de
713 2877 849 2941 historia
870 2881 1228 2968 commentario,'quaa
1249 2903 1283 2968 po
1298 2912 1306 2935 ιἸ

241 2971 395 3074 reliquias
410 2970 585 3060 colligere,
607 2983 831 3045 verumetiam
849 3001 908 3067 pro
925 2979 1048 3046 viribus
1067 2983 1101 3046 iu
1123 2983 1264 3048 ordinem
1300 3016 1306 3035 >

58 3147 60 3158 ,
127 3153 130 3160 ‚
241 3096 340 3162 gera,
376 3089 408 3142 at
435 3075 596 3165 aliquibus
625 3079 758 3147 acholiia
785 3081 957 3150 illustrare.
