2620 4938
246 1133 624 1226 lUDlClA

410 1320 465 1371 DE

20 1455 391 1622 romnus
449 1454 1000 1601 ursronrcts

282 1663 589 1699 *—

74 1795 208 1862 cronno
233 1811 290 1862 nn
313 1797 493 1862 Ontronn
515 1793 572 1860 lr'l.
586 1792 638 1859 11.
653 1815 736 1883 cop.
754 1803 805 1862 to.

10 2025 37 2074 :tr
51 2011 103 2097 ipti
121 2014 166 2078 tie
183 2013 278 2077 initio
299 2011 526 2104 roriptitarnnt,
544 2023 581 2074 ut
596 2023 709 2076 noeter
721 2007 815 2090 Cato,
835 2021 871 2074 ut
882 2009 1002 2095 Pictor,

10 2131 36 2176 o.
67 2113 134 2178 Erat
153 2117 240 2178 enim
262 2111 409 2178 Historia
429 2109 510 2174 nihil
532 2110 620 2177 nlintl
641 2114 704 2178 nisi
723 2110 898 2204 Annalium
922 2135 1001 2196 oon,-

10 2231 16 2276 :
40 2217 113 2280 emur
133 2220 180 2281 rei
202 2217 440 2300 memoriaeque
460 2211 608 2300 publicae
631 2213 818 2278 retinendae
839 2232 937 2281 oaora
960 2218 1002 2302 ab

10 2335 94 2381 'terum
109 2317 323 2396 Romanarum
346 2335 447 2411 neqpe
465 2315 505 2379 ad
519 2312 558 2382 P.
575 2313 719 2381 Mucium
733 2313 826 2378 Pont.
839 2315 932 2386 Max.
947 2343 1003 2388 reo

10 2419 205 2506 trin'gnlorum
229 2437 388 2485 annorum
409 2415 583 2482 mandabat
602 2416 706 2482 litorio
725 2415 878 2484 Pontifex
890 2419 1003 2488 Maxi·

26 2520 217 2610 referebatque
239 2524 275 2588 in
299 2519 427 2608 elbum,
465 2529 498 2582 et
518 2527 714 2606 proponebat
735 2519 882 2588 tabulam
902 2525 1003 2606 tlorni,
1063 2575 1070 2596 ,

12 2611 89 2708 lte*
112 2637 198 2691 earet
228 2622 352 2712 populo
380 2623 614 2707 eognoscendi3
654 2624 679 2686 ii
710 2624 765 2710 qni
795 2626 893 2702 etiarn
916 2647 1003 2693 nnno

13 2709 181 2792 lrnrmmi
201 2727 420 2792 nominantur.
461 2723 557 2790 Hane
578 2721 821 2790 rimilitudinent
842 2727 1003 2796 scribendi
1092 2766 1097 2778 »

15 2829 87 2896 aaa
99 2843 179 2909 eunt
200 2831 257 2918 qni
274 2831 345 2895 nine
361 2826 438 2894 nllir
454 2827 651 2894 ornamentis
668 2840 876 2894 monumenta
895 2831 1003 2898 nolum

16 2943 75 3007 nn,
93 2929 272 3014 hominum,
300 2930 463 3010 locorum,
492 2942 718 3018 gestarumque
737 2949 845 2996 rernm
863 2931 1004 3022 relique-

27 3025 112 3118 ltaqne
138 3033 242 3122 qualin
266 3035 352 3122 apud
376 3029 518 3102 Graeoon
542 3030 762 3115 Pherecydes,
797 3029 1001 3118 Hellanicus,

18 3123 137 3216 noluit,
167 3136 287 3224 aliique
304 3135 472 3225 permulti,
495 3133 571 3208 talia
590 3147 701 3202 norter
717 3134 819 3218 Cato,
838 3151 871 3203 et
882 3137 1003 3220 Ρίοιοι,Ι

20 3239 41 3295 l:
57 3239 99 3322 qni
111 3252 216 3326 neque¹
225 3252 352 3321 tenent,
374 3238 489 3326 qnibnn
505 3237 603 3306 rebor
622 3253 753 3304 ornetur
772 3241 875 3305 oratio
894 3239 1003 3320 (morlo

21 3329 60 3400 to
73 3340 127 3406 itta
148 3356 224 3408 rnot
244 3345 434 3430 importata)
456 3355 489 3408 et
508 3340 583 3404 dnm
607 3339 823 3428 intelligatur,
856 3341 931 3428 qnid
953 3339 1003 3404 tli-

22 3449 84 3505 tnon
95 3443 215 3510 dicendi
232 3443 361 3512 landem
376 3457 490 3534 putant
509 3463 583 3514 rere
602 3442 802 3509 brevitatem.
829 3440 1002 3518 Paululum

23 3541 73 3621 nit,
105 3557 134 3610 et
162 3547 284 3614 addidit
311 3547 477 3614 Historiae
509 3547 665 3614 maiorem
691 3539 820 3622 nonunt'
834 3548 926 3612 rocio
951 3547 1003 3611 vir

45 3643 171 3720 ‚Creoni
197 3647 384 3733 familiario,
416 3648 604 3736 Antipater:
636 3649 754 3714 oaetari
772 3668 840 3716 non
862 3646 1004 3716 exorna-⁴

44 3772 110 3828 ¹¹⁶2,
130 3749 186 3816 red
208 3752 428 3818 tantummodo
448 3765 632 3819 narratore·
653 3751 813 3845 luerunt..

109 3897 216 4003 Ionos
238 3955 294 4004 nn
314 3937 496 4007 Lnornnr
519 3937 574 4008 zo.
593 3935 626 4003 Ι.
648 3957 723 4025 cop.
742 3943 775 4003 2.
810 3909 815 3921 r

55 4106 58 4129 1
77 4097 140 4167 poet
159 4090 293 4158 annales
312 4089 505 4158 Pontificum
519 4089 756 4169 Maximorum,
784 4083 901 4174 quibua
921 4085 1003 4152 nihil
1064 4071 1072 4078 “
1093 4127 1098 4132 .

106 4188 285 4277 iucundior,
323 4197 353 4260 ri
376 4205 431 4259 ent
453 4195 494 4260 atl
514 4193 669 4272 Fabium,
706 4203 762 4255 ant
784 4189 826 4255 etl
843 4211 920 4255 eunt
947 4191 1003 4277 qui
1139 4239 1148 4250 .

46 4277 71 4343 in
83 4305 130 4351 ore
142 4304 189 4356 est
206 4293 371 4377 Catonem,
392 4307 447 4360 ant
463 4298 504 4361 atl
519 4295 685 4373 Pironem,
702 4304 758 4357 ant
774 4290 815 4357 ad
831 4291 1002 4371 Fanninr'ti,

64 4395 214 4499 eunonium
233 4401 362 4498 veniatur
384 4405 576 4486 quemqnam
598 4419 641 4464 ex
660 4397 712 4462 hir
733 4393 817 4460 aliur
840 4392 905 4459 nlio
926 4392 1004 4478 plur

54 4510 57 4533 ¹
75 4505 134 4570 Μ,
154 4506 256 4564 tamen
272 4501 347 4588 quiri
363 4513 429 4566 tam
443 4499 529 4566 exile
544 4522 639 4590 quarn
655 4501 711 4566 irti
726 4495 859 4562 omneri
887 4495 1004 4562 Fannii
1119 4589 1122 4594 .

689 4603 774 4680 18·
